@inproceedings{Bockermann/etal/2015a,
	author = {Bockermann, Christian and Br√ºgge, Kai and Buss, Jens and Egorov, Alexey and Morik,Katharina and Rhode, Wolfgang and Ruhe, Tim},
	title = {Online Analysis of High-Volume Data Streams in Astroparticle Physics},
	booktitle = {Proceedings of the European Conference on Machine Learning (ECML), Industrial Track},
	year = {2015},
	publisher = {Springer Berlin Heidelberg}
}