@techreport{Bockermann/Blom/2012c,
author = {Christian Bockermann and Hendrik Blom},
title = {The Streams Framework},
month = {12},
year = {2012},
number = {5},
institution = {TU Dortmund University}
}